@misc{tabelas,
	author={{Lapo Filipo Mori}},
	title={{Tables in Latex: Packages and Methods}},
	month={feb},
	year={2007},
	note = "[Online; acedido em Abril 2019]"
}
